1635 2788
104 89 203 141 Id.¹

104 210 161 258 tibus
177 209 236 273 justo
254 210 331 276 saepius
347 213 448 258 occurrit.
502 213 586 260 Nullus
607 215 731 264 dubitarem
749 235 789 265 uo-

103 294 172 341 strum
188 295 232 340 hoc
249 296 297 340 loco
318 292 409 341 imitalse
426 295 559 358 Jeremiain,
586 297 687 346 simodo
704 314 790 346 certum

104 376 155 426 esset
170 378 231 425 hunc
248 393 330 434 verum·
342 375 383 424 esse
402 392 502 425 autorem
517 377 602 426 Psalmi.
639 383 666 442 Id
676 399 731 428 vero
742 399 790 428 non

105 478 131 507 ex
144 461 253 508 versonis
269 474 355 518 graecae,
374 474 556 523 caeterarumque,
575 479 622 525 quae
636 479 684 508 eam
696 464 791 526 sequun-

104 556 150 595 tur,
169 539 365 606 inscriptionibus,
384 540 440 588 effici
456 541 539 607 potest,
564 546 670 607 quoniam
686 545 729 591 illae
743 561 790 590 non

104 626 129 671 itt
144 615 248 670 asinabus
271 623 406 670 editionibus
423 626 578 672 inveniuntur.
623 630 724 672 Romana
742 630 790 690 qui-

104 709 168 760 dem,
187 706 349 769 Complutenfis
366 713 387 749 e't
400 706 481 752 Aldina.
496 704 580 751 habent
593 718 691 774 Ιεξεμιε,
709 719 790 756 verum

102 789 159 836 MS
172 788 350 834 Alexandrinum
364 787 496 852 inscriptum
507 787 538 833 est
550 798 674 856 Ζοιχοιξιε,
689 780 790 853 ‘quocum

103 869 157 918 facit
178 871 354 925 Theodoretos,
386 865 424 934 qui
448 870 537 918 testatur
548 863 558 926 '.
587 872 658 919 Coddt
683 872 795 934 quosdam-

104 953 215 1000 Psalmum
231 951 330 999 tribuisse
345 953 474 1006 Zachariae.⁴
509 958 539 1000 At
553 954 624 1016 majus
640 955 683 1001 hoc
698 953 728 999 esl
743 972 790 1000 mo-

103 1023 218 1090 mentum,
237 1024 404 1097 quodPsalmus
420 1036 566 1082 calamitatem
581 1037 643 1082 exilii
653 1035 790 1097 Babylonici,

102 1132 260 1178 argumentum
273 1108 377 1180 jeremiae
396 1132 504 1171 amatum,
520 1116 597 1178 slebili
615 1118 691 1175 elegiae
708 1119 789 1173 colore,

43 1265 45 1267 ‚
100 1202 155 1247 buic
173 1214 245 1265 poetae
259 1201 366 1263 proprio,
384 1197 498 1245 describat.
534 1203 607 1245 Autor
617 1199 709 1263 quidem
720 1199 790 1262 Baby-

101 1284 154 1328 lone
166 1284 247 1341 degcte
260 1282 362 1335 videtur,
380 1276 425 1344 quo
438 1275 559 1346 Jereutiam
576 1300 691 1346 nunquam
706 1285 790 1332 venisse

102 1363 197 1432 constat,
219 1378 240 1408 et
260 1364 318 1409 lianc
337 1360 365 1408 ob
386 1362 638 1418 causatn'Eichhornius
659 1364 789 1414 sententiam

101 1464 181 1494 eorum
199 1447 314 1511 repudiat,
338 1447 378 1509 qvi
391 1436 505 1492 'Psalmum
520 1450 623 1510 Jeremiae
643 1447 744 1495 tribuunt
756 1452 789 1516 *);

101 1547 178 1577 nonne
193 1545 249 1576 vero
265 1531 385 1592 JeremiaS,
409 1527 456 1593 ipse
472 1529 539 1583 civis,
558 1546 633 1576 amans
652 1532 748 1585 civium,
768 1547 789 1578 et

100 1627 179 1678 poeta,
203 1609 289 1661 fitanisse
305 1609 328 1657 se
344 1612 394 1656 loco
413 1610 504 1655 exulum
519 1609 573 1663 esse,
592 1627 715 1673 eorumque
732 1613 802 1673 mala,

43 1718 47 1722 ·
100 1697 222 1761 plorarent
233 1692 271 1738 sua
281 1690 402 1737 existimari
412 1688 501 1754 potest?
528 1694 586 1737 Cum
597 1691 637 1756 ipfi
647 1710 659 1754 a
671 1692 789 1742 Nebucad-

102 1793 184 1823 nezare
200 1776 263 1837 copia
279 1773 354 1820 sedem
371 1772 470 1831 eligendi
485 1771 580 1819 concessa
595 1772 658 1839 esset,
678 1789 699 1820 et
711 1777 788 1824 ductus

103 1875 180 1907 amore
200 1858 276 1922 patria
294 1873 344 1902 cum
365 1858 440 1920 paucis
459 1855 584 1903 solitudinis
605 1855 647 1903 sua
670 1857 788 1906 comitibus

101 1942 182 1990 rudera
195 1937 312 1986 Palaestinae
329 1940 401 1985 cuivis
412 1937 500 1985 secessui
512 1938 655 1992 intendisset,
673 1957 788 2005 nunquam

101 2039 187 2078 tamen,
211 2040 260 2087 quae
278 2021 364 2069 civibus
381 2024 515 2075 acciderant,
539 2040 551 2068 a
566 2021 588 2067 se
606 2022 676 2068 aliena
691 2027 785 2087 putavit.

101 2110 164 2153 Patet
172 2123 198 2153 ex
213 2107 344 2152 collectione
359 2105 486 2163 elegorum,
511 2107 551 2169 qui
565 2104 656 2150 Threni
675 2105 786 2161 dicuntur,

103 2206 155 2236 eum
168 2205 272 2253 tanquam
284 2187 414 2255 presentem
425 2186 517 2236 doluisse
528 2189 602 2233 vicem
612 2188 701 2246 civium.
738 2192 787 2236 Has

100 2275 270 2341 lamentationes
280 2277 363 2340 pariter
374 2291 398 2321 ac
408 2273 482 2340 ipsum
494 2271 605 2321 Psalmum
616 2259 714 2320 flebilem
727 2273 787 2321 haud

102 2358 148 2406 scio
159 2375 188 2405 an
199 2358 227 2405 ad
238 2360 355 2423 populares
370 2358 527 2412 transmiserit,
536 2383 537 2386 =
546 2373 590 2420 quo
606 2362 706 2407 animum
722 2358 786 2405 mise-

101 2445 189 2491 ratione
204 2455 341 2488 commotum
357 2441 493 2489 testarentur.
518 2442 565 2507 ,EX
576 2439 655 2506 quibus
664 2451 689 2485 ut
699 2454 726 2482 eo
736 2438 786 2501 plus

369 2520 371 2524 ’
715 2519 787 2569 solatii

130 2620 156 2674 l)
171 2616 226 2658 Einl.
235 2616 259 2656 iu
271 2614 305 2657 das
315 2617 341 2656 A.
353 2617 379 2656 Τ,
396 2618 417 2664 Ρ,
430 2631 449 2674 3.
465 2630 485 2670 p.
498 2630 548 2674 525.
788 2599 796 2611 f
